@inproceedings{aleksandrin2003high,
  title={High-energy charged particle bursts in the near-Earth space as earthquake precursors},
  author={Aleksandrin, S Yu and Galper, AM and Grishantzeva, LA and Koldashov, SV and Maslennikov, LV and Murashov, AM and Picozza, P and Sgrigna, V and Voronov, SA},
  booktitle={Annales Geophysicae},
  volume={21},
  number={2},
  pages={597--602},
  year={2003}
}
@unpublished{filipwach2017,
	author = {Filip Wach},
	title = {A Study of Van Allen Belt Signatures of Nuclear Weapon Tests for Future CTBT
	Technologies},
	date = {October 18, 2017},
	url = {https://github.com/fw14863/SP_2017/blob/master/FW_report.pdf},
}
@article{li1983analysis,
	title={Analysis methods for results in gamma-ray astronomy},
	author={Li, T-P and Ma, Y-Q},
	journal={The Astrophysical Journal},
	volume={272},
	pages={317--324},
	year={1983}
}